<record><leader>00000cas a22000007a 4500</leader><controlfield tag="001">19584681</controlfield><controlfield tag="008">890422d18361837mduwr ne      0    0eng d</controlfield><datafield ind1=" " ind2=" " tag="010"><subfield code="a">sn 89060075 </subfield></datafield><datafield ind1=" " ind2=" " tag="040"><subfield code="a">MFN</subfield><subfield code="b">eng</subfield><subfield code="c">MFN</subfield><subfield code="d">OCLCQ</subfield></datafield><datafield ind1=" " ind2=" " tag="042"><subfield code="a">msc</subfield></datafield><datafield ind1="0" ind2="4" tag="245"><subfield code="a">The Madisonian and Harford and Cecil advertiser.</subfield></datafield><datafield ind1=" " ind2=" " tag="260"><subfield code="a">Bel-Air, Harford County, Md. :</subfield><subfield code="b">George Keatinge</subfield></datafield><datafield ind1=" " ind2=" " tag="300"><subfield code="a">v.</subfield></datafield><datafield ind1=" " ind2=" " tag="310"><subfield code="a">Weekly</subfield></datafield><datafield ind1="1" ind2=" " tag="362"><subfield code="a">Began in 1836; ceased in 1837?</subfield></datafield><datafield ind1=" " ind2=" " tag="588"><subfield code="a">Description based on: Vol. 1, no. 2 (Sept. 1, 1836).</subfield></datafield><datafield ind1=" " ind2=" " tag="752"><subfield code="a">United States</subfield><subfield code="b">Maryland</subfield><subfield code="c">Harford</subfield><subfield code="d">Bel Air.</subfield></datafield><datafield ind1="0" ind2="0" tag="785"><subfield code="t">Madisonian, and Harford and Baltimore advertiser</subfield><subfield code="w">(DLC)sn 89060076</subfield></datafield></record>